@ARTICLE{SW, 
	author = {T. F. Smith and M. S. Waterman},
	title = {Identification of Common Molecular Subsequences},
	journal = {Journal of Molecular Biology},
	year = 1981,
	volume = 147, 
	pages = {195--197}
}

@BOOK{NIPT,
	author = {S. Drury, M. Hill, L.S. Chitty},
	title = {Cell-Free Fetal DNA Testing for Prenatal Diagnosis},
	year = 2016,
	publisher = {Elsevier, Inc.}
}

@INCOLLECTION{gpuImpl,
	author = {V.N. Alexandrov},
	title = {General Purpose Computations on Graphics hardware: methods, algorithms and applications},
	booktitle = {Computational science - ICCS 2006 : 6th international conference, Reading, UK, May 28-31, 2006 ; proceedings},
	year = 2006,
	publisher = {Berlin: Springer}
}

@MANUAL{SAM,
	title = {Sequence Alignment/Map Format Specification},
	year = 2020,
	organization = {The SAM/BAM Format Specification Working Group}
}

@MANUAL{sdsoc,
	author = {R. Vergel},
	title = {Getting started with SDSoC},
	year = 2018,
	note = {\newline https://github.com/Xilinx/SDSoC-Tutorials/tree/master/getting-started-tutorial},
	organization = {Xilinx Inc.}
}

@MASTERSTHESIS{fpgaImpl,
	author = {Corey Bruce Olson},
	title = {An FPGA acceleration of short read human genome mapping},
	year = 2011,
	school = {University of Washington}
}

@MASTERSTHESIS{Vermij,
	author = {Erik Vermij},
	title = {Genetic sequence alignment on a supercomputing platform},
	year = 2011,
	school = {Delft university of technology}
}

@MISC{pptHowest,
	author = {Friedel Nollet},
	title = {powerpoint: HOWEST 2019-2020 Sanger and NGS},
	year = 2019,
}

@MISC{1,
	organization = {CLCbio},
	title = {Bioinformatics company},
	howpublished = {http://www.clccell.com/download.html}
}

@MISC{2,
	organization = {Cray Inc.},
	title = {Bioinformatics company},
	howpublished = {https://www.cray.com/}
}

@MISC{3,
	organization = {Timelogics},
	title = {Bioinformatics company},
	howpublished = {http://www.timelogic.com/}
}

@MISC{fpga100x,
	author = {O.O. Storaasli, D. Strenski},
	year = 2011,
	title = {Accelerating Genome Sequencing 100X with FPGAs},
	howpublished = {\newline http://ft.ornl.gov/~olaf/pubs/RSSIOlafDave.pdf}
}


@MISC{12,
	title = {IGV download page},
	howpublished = {\newline http://software.broadinstitute.org/software/igv/}
}


@MISC{11,
	organization = {University of Washington},
	title = {Genome of coronavirus, NCBI},
	howpublished = {https://www.ncbi.nlm.nih.gov/sra/SRX7852918}
}


@MISC{mendel,
	organization = {wikimedia},
	title = {figure: Gregor Mendel portrait},
	howpublished = {https://upload.wikimedia.org/wikipedia/commons/8/87/Gregor\_Mendel\_portrait.jpg}
}


@MISC{dna,
	organization = {wikimedia},
	title = {figure: Double stranded DNA with coloured bases},
	howpublished = {\newline https://upload.wikimedia.org/wikipedia/commons/thumb/1/14/Double\_stranded\_DNA\_with\_coloured\_bases.png/1024px-Double\_stranded\_DNA\_with\_coloured\_bases.png}
}


@MISC{dnachemical,
	organization = {wikimedia},
	title = {figure: DNA chemical structure},
	howpublished = {figure: DNA chemical structure}
}


@MISC{8,
	organization = {wikimedia},
	title = {figure: Karyotype},
	howpublished = {\newline https://upload.wikimedia.org/wikipedia/commons/thumb/b/b2/Karyotype.png/800px-Karyotype.png}
}


@MISC{10,
	organization = {anatomybox},
	title = {figure: Trisomy 21 male},
	howpublished = {\newline http://www.anatomybox.com/wp-content/uploads/2011/07/Trisomy-21-male.png}
}


@MISC{fpgacomparison,
	organization = {Microsoft},
	title = {figure: azure machine learning fpga comparison},
	howpublished = {\newline https://docs.microsoft.com/en-us/azure/machine-learning/service/media/concept-accelerate-with-fpgas/azure-machine-learning-fpga-comparison.png}
}


@MISC{9,
	organization = {Lighterra},
	title = {figure: sequential working of microprocessor},
	howpublished = {\newline http://www.lighterra.com/papers/modernmicroprocessors/sequential2.png}
}

@MISC{13,
	organization = {Galaxy.org},
	title = {Online bioinformatics tools},
	howpublished = {\newline https://usegalaxy.org/}
}

@MISC{fpgaworkings,
	organization = {loyola},
	title = {figure: fpga diagram},
	howpublished = {https://evergreen.loyola.edu/dhhoe/www/FPGA\_diagram.png}
}